 %Yang Mills Theory
@article{YangMillsTheory,
  title = {Conservation of Isotopic Spin and Isotopic Gauge Invariance},
  author = {Yang, C. N. and Mills, R. L.},
  journal = {Phys. Rev.},
  volume = {96},
  issue = {1},
  pages = {191--195},
  numpages = {0},
  year = {1954},
  month = {Oct},
  publisher = {American Physical Society},
  doi = {10.1103/PhysRev.96.191},
  url = {http://link.aps.org/doi/10.1103/PhysRev.96.191}
}

 %Yang Mills renormalisation
@article{YangMillsRenormalisation,
title = "Renormalization of massless Yang-Mills fields",
journal = "Nuclear Physics B",
volume = "33",
number = "1",
pages = "173 - 199",
year = "1971",
note = "",
issn = "0550-3213",
doi = "http://dx.doi.org/10.1016/0550-3213(71)90395-6",
url = "http://www.sciencedirect.com/science/article/pii/0550321371903956",
author = "G. 'tHooft",

}

 %Goldstone Theorem
@article{GoldstoneTheorem,
      author         = "Goldstone, J.",
      title          = "{Field Theories with Superconductor Solutions}",
      journal        = "Nuovo Cim.",
      volume         = "19",
      year           = "1961",
      pages          = "154-164",
      doi            = "10.1007/BF02812722",
      SLACcitation   = "%%CITATION = NUCIA,19,154;%%"
}

@article{HiggsMechanism,
      author         = "Higgs, Peter W.",
      title          = "{Broken Symmetries and the Masses of Gauge Bosons}",
      journal        = "Phys. Rev. Lett.",
      volume         = "13",
      year           = "1964",
      pages          = "508-509",
      doi            = "10.1103/PhysRevLett.13.508",
      SLACcitation   = "%%CITATION = PRLTA,13,508;%%"
}

 %Weinberg Eletroweak unification
@article{EWUWeinberg,
      author         = "Weinberg, Steven",
      title          = "{A Model of Leptons}",
      journal        = "Phys. Rev. Lett.",
      volume         = "19",
      year           = "1967",
      pages          = "1264-1266",
      doi            = "10.1103/PhysRevLett.19.1264",
      SLACcitation   = "%%CITATION = PRLTA,19,1264;%%"
}

 %Glashow Electroweak unification
@article{EWUGlashow,
      author         = "Glashow, S. L.",
      title          = "{Partial Symmetries of Weak Interactions}",
      journal        = "Nucl. Phys.",
      volume         = "22",
      year           = "1961",
      pages          = "579-588",
      doi            = "10.1016/0029-5582(61)90469-2",
      SLACcitation   = "%%CITATION = NUPHA,22,579;%%"
}

%Kamioka Nucleon Decay Experiment
@article{KamiokaNDE,
      author         = "Ikeda, H. and others",
      title          = "{KAMIOKANDE: THE KAMIOKA NUCLEON DECAY EXPERIMENT}",
      year           = "1982",
      reportNumber   = "UTLICEPP-82-04",
      SLACcitation   = "%%CITATION = UTLICEPP-82-04;%%"
}

 %IMB nucleon decay experiment
@article{IMB,
      author         = "Becker-Szendy, R. and others",
      title          = "{IMB-3: A Large water Cherenkov detector for nucleon
                        decay and neutrino interactions}",
      journal        = "Nucl. Instrum. Meth.",
      volume         = "A324",
      year           = "1993",
      pages          = "363-382",
      doi            = "10.1016/0168-9002(93)90998-W",
      reportNumber   = "SLAC-REPRINT-1993-035, BU-HEP-92-6",
      SLACcitation   = "%%CITATION = NUIMA,A324,363;%%"
}

 %Super K specifications (no of PMTs etc)
@article{SuperKSpecs,
      author         = "Abe, K. and others",
      title          = "{Calibration of the Super-Kamiokande Detector}",
      journal        = "Nucl. Instrum. Meth.",
      volume         = "A737",
      year           = "2014",
      pages          = "253-272",
      doi            = "10.1016/j.nima.2013.11.081",
      eprint         = "1307.0162",
      archivePrefix  = "arXiv",
      primaryClass   = "physics.ins-det",
      SLACcitation   = "%%CITATION = ARXIV:1307.0162;%%"
}

 %SuperK 2014 data A lower limit of the proton lifetime is set to τ/B(p→νK+)>5.9×1033 years at 90% confidence level. Unable to distinguish v from vbar in SuperK
@article{SuperK2014,
  title = {Search for proton decay via $p\ensuremath{\rightarrow}\ensuremath{\nu}{K}^{+}$ using $260\text{ }\text{ }\mathrm{kiloton}\ifmmode\cdot\else\textperiodcentered\fi{}\mathrm{year}$ data of Super-Kamiokande},
  author = {Abe, K. et al},
  collaboration = {Super-Kamiokande Collaboration},
  journal = {Phys. Rev. D},
  volume = {90},
  issue = {7},
  pages = {072005},
  numpages = {14},
  year = {2014},
  month = {Oct},
  publisher = {American Physical Society},
  doi = {10.1103/PhysRevD.90.072005},
  url = {http://link.aps.org/doi/10.1103/PhysRevD.90.072005}
}

%Proton decay bounds at 8.2×1033 and 6.6×1033 years at 90% confidence level for p→e+π0 and p→μ+π0 modes
@article{SuperK2009,
  title = {Search for Proton Decay via $p\ensuremath{\rightarrow}{e}^{+}{\ensuremath{\pi}}^{0}$ and $p\ensuremath{\rightarrow}{\ensuremath{\mu}}^{+}{\ensuremath{\pi}}^{0}$ in a Large Water Cherenkov Detector},
  author = {Super-K Collaboration},
  journal = {Phys. Rev. Lett.},
  volume = {102},
  issue = {14},
  pages = {141801},
  numpages = {5},
  year = {2009},
  month = {Apr},
  publisher = {American Physical Society},
  doi = {10.1103/PhysRevLett.102.141801},
  url = {http://link.aps.org/doi/10.1103/PhysRevLett.102.141801}
}


 %Original SU(5)
@article{SU5GeorgiGlashow,
      author         = "Georgi, H. and Glashow, S. L.",
      title          = "{Unity of All Elementary Particle Forces}",
      journal        = "Phys. Rev. Lett.",
      volume         = "32",
      year           = "1974",
      pages          = "438-441",
      doi            = "10.1103/PhysRevLett.32.438",
      SLACcitation   = "%%CITATION = PRLTA,32,438;%%"
}

 %Chinese review of particle physics
@article{PDGReview,
      author         = "Olive, K. A. and others",
      title          = "{Review of Particle Physics}",
      collaboration  = "Particle Data Group",
      journal        = "Chin. Phys.",
      volume         = "C38",
      year           = "2014",
      pages          = "090001",
      doi            = "10.1088/1674-1137/38/9/090001",
      SLACcitation   = "%%CITATION = CHPHD,C38,090001;%%"
}

 %SU(3) group
@article{SU3Neeman,
      author         = "Ne'eman, Yuval",
      title          = "{Derivation of strong interactions from a gauge
                        invariance}",
      journal        = "Nucl. Phys.",
      volume         = "26",
      year           = "1961",
      pages          = "222-229",
      doi            = "10.1016/0029-5582(61)90134-1",
      SLACcitation   = "%%CITATION = NUPHA,26,222;%%"
}

 %shows SUSY SU(5) couplings converge
@article{SUSYSU5CouplingUnification,
      author         = "Dimopoulos, Savas and Georgi, Howard",
      title          = "{Softly Broken Supersymmetry and SU(5)}",
      journal        = "Nucl. Phys.",
      volume         = "B193",
      year           = "1981",
      pages          = "150-162",
      doi            = "10.1016/0550-3213(81)90522-8",
      reportNumber   = "HUTP-81/A022",
      SLACcitation   = "%%CITATION = NUPHA,B193,150;%%"
}

@article{E6GaugeBosons,
      author         = "London, David and Rosner, Jonathan L.",
      title          = "{Extra Gauge Bosons in E(6)}",
      journal        = "Phys. Rev.",
      volume         = "D34",
      year           = "1986",
      pages          = "1530",
      doi            = "10.1103/PhysRevD.34.1530",
      reportNumber   = "EFI-86-22",
      SLACcitation   = "%%CITATION = PHRVA,D34,1530;%%"
}

 %cosmological constraints placed on proton decau
@article{CosmolGUTConstr,
      author         = "Barrow, John D. and Ross, Graham G.",
      title          = "{Cosmological Constraints on the Scale of Grand
                        Unification}",
      journal        = "Nucl. Phys.",
      volume         = "B181",
      year           = "1981",
      pages          = "461-486",
      doi            = "10.1016/0550-3213(81)90536-8",
      reportNumber   = "OXFORD-TP 76/80",
      SLACcitation   = "%%CITATION = NUPHA,B181,461;%%"
}

 %B-L gauge invariance, SU(2)_R breaking scale
@article{GUTBaryonAsym,
      author         = "Harvey, Jeffrey A. and Kolb, Edward W. and Reiss, David
                        B. and Wolfram, Stephen",
      title          = "{Calculation of Cosmological Baryon Asymmetry in Grand
                        Unified Gauge Models}",
      journal        = "Nucl. Phys.",
      volume         = "B201",
      year           = "1982",
      pages          = "16-100",
      doi            = "10.1016/0550-3213(82)90375-3",
      reportNumber   = "CALT-68-850",
      SLACcitation   = "%%CITATION = NUPHA,B201,16;%%"
}

%Symmetry breaking patterns in SO(10), also quote on similarities between MSSM and 
@article{SO10SymFig,
      author         = "Deppisch, Frank F. and Desai, Nishita and Gonzalo, Tomas
                        E.",
      title          = "{Compressed and Split Spectra in Minimal SUSY SO(10)}",
      journal        = "Front.in Phys.",
      volume         = "2",
      year           = "2014",
      pages          = "27",
      doi            = "10.3389/fphy.2014.00027",
      eprint         = "1403.2312",
      archivePrefix  = "arXiv",
      primaryClass   = "hep-ph",
      reportNumber   = "LCTS-2014-08",
      SLACcitation   = "%%CITATION = ARXIV:1403.2312;%%"
}

 %first mention of proton decay
@article{SU5ProtonDecay,
      author         = "Langacker, Paul",
      title          = "{Grand Unified Theories and Proton Decay}",
      journal        = "Phys. Rept.",
      volume         = "72",
      year           = "1981",
      pages          = "185",
      doi            = "10.1016/0370-1573(81)90059-4",
      reportNumber   = "SLAC-PUB-2544",
      SLACcitation   = "%%CITATION = PRPLC,72,185;%%"
}

 %can't rule out SUSY SU(5) Decay
@article{SUSYSU5Decay,
      author         = "Martens, W. and Mihaila, L. and Salomon, J. and
                        Steinhauser, M.",
      title          = "{Minimal Supersymmetric SU(5) and Gauge Coupling
                        Unification at Three Loops}",
      journal        = "Phys. Rev.",
      volume         = "D82",
      year           = "2010",
      pages          = "095013",
      doi            = "10.1103/PhysRevD.82.095013",
      eprint         = "1008.3070",
      archivePrefix  = "arXiv",
      primaryClass   = "hep-ph",
      reportNumber   = "SFB-CPP-10-76, TTP10-34",
      SLACcitation   = "%%CITATION = ARXIV:1008.3070;%%"
}

 %Prediction of GUT monopoles
@article{GUTMonopoles,
      author         = "'t Hooft, Gerard",
      title          = "{Magnetic Monopoles in Unified Gauge Theories}",
      journal        = "Nucl. Phys.",
      volume         = "B79",
      year           = "1974",
      pages          = "276-284",
      doi            = "10.1016/0550-3213(74)90486-6",
      reportNumber   = "CERN-TH-1876",
      SLACcitation   = "%%CITATION = NUPHA,B79,276;%%"
}

 %initialPrediction of density of GUT Monopoles
@article{GUTMonopoleDensity,
      author         = "Zeldovich, {\relax Ya}. B. and Khlopov, M. {\relax Yu}.",
      title          = "{On the Concentration of Relic Magnetic Monopoles in the
                        Universe}",
      journal        = "Phys. Lett.",
      volume         = "B79",
      year           = "1978",
      pages          = "239-241",
      doi            = "10.1016/0370-2693(78)90232-0",
      SLACcitation   = "%%CITATION = PHLTA,B79,239;%%"
}

 %Solving monopole problem with inflation
@article{InflationMonopole,
      author         = "Linde, Andrei D.",
      title          = "{A New Inflationary Universe Scenario: A Possible
                        Solution of the Horizon, Flatness, Homogeneity, Isotropy
                        and Primordial Monopole Problems}",
      booktitle      = "{Second Seminar on Quantum Gravity Moscow, USSR, October
                        13-15, 1981}",
      journal        = "Phys. Lett.",
      volume         = "B108",
      year           = "1982",
      pages          = "389-393",
      doi            = "10.1016/0370-2693(82)91219-9",
      reportNumber   = "LEBEDEV-81-229",
      SLACcitation   = "%%CITATION = PHLTA,B108,389;%%"
}

 %Pati-Salam Model
 %Pati-Salam Model working well with low neutrino masses observed via neutrino oscillations
@article{PatiSalam,
      author         = "Pati, Jogesh C. and Salam, Abdus",
      title          = "{Lepton Number as the Fourth Color}",
      journal        = "Phys. Rev.",
      volume         = "D10",
      year           = "1974",
      pages          = "275-289",
      doi            = "10.1103/PhysRevD.10.275, 10.1103/PhysRevD.11.703.2",
      note           = "[Erratum: Phys. Rev.D11,703(1975)]",
      reportNumber   = "IC-74-7",
      SLACcitation   = "%%CITATION = PHRVA,D10,275;%%"
}

 %Minimal NonSUSY SO10 model discussed in section + unification plot
@article{SO10_1,
      author         = "Babu, K. S. and Khan, S.",
      title          = "{Minimal nonsupersymmetric $SO(10)$ model: Gauge coupling
                        unification, proton decay, and fermion masses}",
      journal        = "Phys. Rev.",
      volume         = "D92",
      year           = "2015",
      number         = "7",
      pages          = "075018",
      doi            = "10.1103/PhysRevD.92.075018",
      eprint         = "1507.06712",
      archivePrefix  = "arXiv",
      primaryClass   = "hep-ph",
      SLACcitation   = "%%CITATION = ARXIV:1507.06712;%%"
}

%We present a renormalizable non supersymmetric Grand Unified SO(10) model which, at the price of a large fine tuning, is compatible with all compelling phenomenological requirements below the unification scale and thus realizes a minimal extension of the SM, unified in SO(10) and describing all known physics below M (GUT). These requirements include coupling unification at a large enough scale to be compatible with the bounds on proton decay, a Yukawa sector in agreement with all the data on quark and lepton masses and mixings and with leptogenesis as the origin of the baryon asymmetry of the Universe, an axion arising from the Higgs sector of the model, suitable to solve the strong CP problem and to account for the observed amount of Dark Matter. The above constraints imposed by the data are very stringent and single out a particular breaking chain with the Pati-Salam group at an intermediate scale M (I) ~ 10(11) GeV. τ model∼5·1036y
%Also, beta functions
%Right handed neutrinos

@article{SO10_2,
      author         = "Altarelli, Guido and Meloni, Davide",
      title          = "{A non supersymmetric SO(10) grand unified model for all
                        the physics below $M_{GUT}$}",
      journal        = "JHEP",
      volume         = "08",
      year           = "2013",
      pages          = "021",
      doi            = "10.1007/JHEP08(2013)021",
      eprint         = "1305.1001",
      archivePrefix  = "arXiv",
      primaryClass   = "hep-ph",
      reportNumber   = "RM3-TH-13-05, CERN-PH-TH-2013-90, CERN-PH-TH-2013-090",
      SLACcitation   = "%%CITATION = ARXIV:1305.1001;%%"
}


 %only 2 SO(10) models below 210 survive constraints + talk about dark matter in GUTs
@article{SO10_UnificationDM,
      author         = "Mambrini, Yann and Nagata, Natsumi and Olive, Keith A.
                        and Quevillon, Jeremie and Zheng, Jiaming",
      title          = "{Dark matter and gauge coupling unification in
                        nonsupersymmetric SO(10) grand unified models}",
      journal        = "Phys. Rev.",
      volume         = "D91",
      year           = "2015",
      number         = "9",
      pages          = "095010",
      doi            = "10.1103/PhysRevD.91.095010",
      eprint         = "1502.06929",
      archivePrefix  = "arXiv",
      primaryClass   = "hep-ph",
      reportNumber   = "LPT-ORSAY-15-16, FTPI-MINN-15-06, UMN-TH-3420-15,
                        IPMU15-0020, KCL-PH-TH-2015-09, --KCL-PH-TH-2015-09",
      SLACcitation   = "%%CITATION = ARXIV:1502.06929;%%"
}

 %Introduction to D Parity
@article{DParity,
      author         = "Georgi, Howard",
      title          = "{Towards a Grand Unified Theory of Flavor}",
      journal        = "Nucl. Phys.",
      volume         = "B156",
      year           = "1979",
      pages          = "126-134",
      doi            = "10.1016/0550-3213(79)90497-8",
      reportNumber   = "HUTP-79/A013",
      SLACcitation   = "%%CITATION = NUPHA,B156,126;%%"
}

 %Introduction of SUSY solving hierarchy problem
@article{SUSYHierarchyProblem,
      author         = "Witten, Edward",
      title          = "{Supersymmetry and Morse theory}",
      journal        = "J. Diff. Geom.",
      volume         = "17",
      year           = "1982",
      number         = "4",
      pages          = "661-692",
      SLACcitation   = "%%CITATION = JDGEA,17,661;%%"
}

 %Showing quantum corrections can cause hierarchy problem
@article{HierarchyProblem1,
      author         = "Weinberg, Steven",
      title          = "{Gauge Hierarchies}",
      journal        = "Phys. Lett.",
      volume         = "B82",
      year           = "1979",
      pages          = "387-391",
      doi            = "10.1016/0370-2693(79)90248-X",
      reportNumber   = "HUTP-78/A060",
      SLACcitation   = "%%CITATION = PHLTA,B82,387;%%"
}

 %Showing quantum corrections can cause hierarcy problem
@article{HierarchyProblem2,
      author         = "Gildener, Eldad",
      title          = "{Gauge Symmetry Hierarchies}",
      journal        = "Phys. Rev.",
      volume         = "D14",
      year           = "1976",
      pages          = "1667",
      doi            = "10.1103/PhysRevD.14.1667",
      reportNumber   = "Print-76-0529 (HARVARD)",
      SLACcitation   = "%%CITATION = PHRVA,D14,1667;%%"
}

 %Defining what a natural susy is
@article{NaturalSUSY,
      author         = "Casas, J. Alberto and Moreno, Jesús M. and Robles,
                        Sandra and Rolbiecki, Krzysztof and Zaldívar, Bryan",
      title          = "{What is a Natural SUSY scenario?}",
      journal        = "JHEP",
      volume         = "06",
      year           = "2015",
      pages          = "070",
      doi            = "10.1007/JHEP06(2015)070",
      eprint         = "1407.6966",
      archivePrefix  = "arXiv",
      primaryClass   = "hep-ph",
      reportNumber   = "IFT-UAM-CSIC-14-068, ULB-TH-14-11,
                        IFT-UAM-CSIC-14-068-ULB-TH-14-11",
      SLACcitation   = "%%CITATION = ARXIV:1407.6966;%%"
}

 %Natural SUSY not yet ruled out
@article{NaturalSUSYConstraints,
      author         = "Papucci, Michele and Ruderman, Joshua T. and Weiler,
                        Andreas",
      title          = "{Natural SUSY Endures}",
      journal        = "JHEP",
      volume         = "09",
      year           = "2012",
      pages          = "035",
      doi            = "10.1007/JHEP09(2012)035",
      eprint         = "1110.6926",
      archivePrefix  = "arXiv",
      primaryClass   = "hep-ph",
      reportNumber   = "DESY-11-193, CERN-PH-TH-265",
      SLACcitation   = "%%CITATION = ARXIV:1110.6926;%%"
}

 %Summary of searches for SUSY
@article{SUSYSearch1,
      author         = "Aad, Georges and others",
      title          = "{Summary of the ATLAS experiment’s sensitivity to
                        supersymmetry after LHC Run 1 — interpreted in the
                        phenomenological MSSM}",
      collaboration  = "ATLAS",
      journal        = "JHEP",
      volume         = "10",
      year           = "2015",
      pages          = "134",
      doi            = "10.1007/JHEP10(2015)134",
      eprint         = "1508.06608",
      archivePrefix  = "arXiv",
      primaryClass   = "hep-ex",
      reportNumber   = "CERN-PH-EP-2015-214",
      SLACcitation   = "%%CITATION = ARXIV:1508.06608;%%"
}

 %Combining gravity with supersymmetry
@article{SUSYGravity,
      author         = "Freedman, Daniel Z. and van Nieuwenhuizen, P. and
                        Ferrara, S.",
      title          = "{Progress Toward a Theory of Supergravity}",
      journal        = "Phys. Rev.",
      volume         = "D13",
      year           = "1976",
      pages          = "3214-3218",
      doi            = "10.1103/PhysRevD.13.3214",
      reportNumber   = "ITP-SB-76-23",
      SLACcitation   = "%%CITATION = PHRVA,D13,3214;%%"
}



 %Constraints on the mass of the axion
@article{AxionMass,
      author         = "Di Valentino, Eleonora and Giusarma, Elena and Lattanzi,
                        Massimiliano and Mena, Olga and Melchiorri, Alessandro and
                        Silk, Joseph",
      title          = "{Cosmological Axion and neutrino mass constraints from
                        Planck 2015 temperature and polarization data}",
      journal        = "Phys. Lett.",
      volume         = "B752",
      year           = "2016",
      pages          = "182-185",
      doi            = "10.1016/j.physletb.2015.11.025",
      eprint         = "1507.08665",
      archivePrefix  = "arXiv",
      primaryClass   = "astro-ph.CO",
      SLACcitation   = "%%CITATION = ARXIV:1507.08665;%%"
}

%Minimal SUSY GUT reviewed in section. also includes coupling unification plot, also predicted lifetime SUSY SO(10) e+pi0 <5.3*10^34
%Pati-Salam Model working well with neutrino masses
@article{SUSYSO10, 
      author         = "Babu, K. S. and Pati, Jogesh C. and Tavartkiladze, Zurab",
      title          = "{Constraining Proton Lifetime in SO(10) with Stabilized Doublet-Triplet Splitting}",
      journal        = "JHEP",
      volume         = "06",
      year           = "2010",
      pages          = "084",
      doi            = "10.1007/JHEP06(2010)084",
      eprint         = "1003.2625",
      archivePrefix  = "arXiv",
      primaryClass   = "hep-ph",
      reportNumber   = "OSU-HEP-10-01, SLAC-PUB-13732",
      SLACcitation   = "%%CITATION = ARXIV:1003.2625;%%"
}

 %Diboson excess in LHC, turned out to be statistical fluctuations
@article{LHCDiboson,
      author         = "Aad, Georges and others",
      title          = "{Search for high-mass diboson resonances with
                        boson-tagged jets in proton-proton collisions at $
                        \sqrt{s}=8 $ TeV with the ATLAS detector}",
      collaboration  = "ATLAS",
      journal        = "JHEP",
      volume         = "12",
      year           = "2015",
      pages          = "055",
      doi            = "10.1007/JHEP12(2015)055",
      eprint         = "1506.00962",
      archivePrefix  = "arXiv",
      primaryClass   = "hep-ex",
      reportNumber   = "CERN-PH-EP-2015-115",
      SLACcitation   = "%%CITATION = ARXIV:1506.00962;%%"
}

%minimal non-SUSY SO(10) models cannot account for diboson bump at cern
@article{SO10_notDiboson, 
      author         = "Aydemir, Ufuk",
      title          = "{SO(10) grand unification in light of recent LHC searches
                        and colored scalars at the TeV-scale}",
      journal        = "Int. J. Mod. Phys.",
      volume         = "A31",
      year           = "2016",
      number         = "08",
      pages          = "1650034",
      doi            = "10.1142/S0217751X16500342",
      eprint         = "1512.00568",
      archivePrefix  = "arXiv",
      primaryClass   = "hep-ph",
      SLACcitation   = "%%CITATION = ARXIV:1512.00568;%%"
}

%Hyper-K letter of intent, also source of proton lifetime table
@article{HyperK,
      author         = "Abe, K. and others",
      title          = "{Letter of Intent: The Hyper-Kamiokande Experiment= Detector Design and Physics Potential}",
      year           = "2011",
      eprint         = "1109.3262",
      archivePrefix  = "arXiv",
      primaryClass   = "hep-ex",
      SLACcitation   = "%%CITATION = ARXIV:1109.3262;%%"
}

%Predicted lifetime min su(5) e+pi0 10^29-10^32 yrs
@article{PDMinimalSU5,
      author         = "Langacker, Paul",
      title          = "{Grand Unified Theories and Proton Decay}",
      journal        = "Phys. Rept.",
      volume         = "72",
      year           = "1981",
      pages          = "185",
      doi            = "10.1016/0370-1573(81)90059-4",
      reportNumber   = "SLAC-PUB-2544",
      SLACcitation   = "%%CITATION = PRPLC,72,185;%%"
}

%predicted lifetime minimal SO(10) e+pi0 10^30 10^40 yrs
@article{PDMinimalSO10,
  title = {Predictions for the proton lifetime in minimal nonsupersymmetric SO(10) models: An update},
  author = {Lee, Dae-Gyu and Mohapatra, R. N. and Parida, M. K. and Rani, Merostar},
  journal = {Phys. Rev. D},
  volume = {51},
  issue = {1},
  pages = {229--235},
  numpages = {0},
  year = {1995},
  month = {Jan},
  publisher = {American Physical Society},
  doi = {10.1103/PhysRevD.51.229},
  url = {http://link.aps.org/doi/10.1103/PhysRevD.51.229}
}

%predicted lifetime minimal SUSY SU(5) vbar k+ <= 10^30 years
@article{PDMinimalSUSYSU5,
  title = {Not even decoupling can save the minimal supersymmetric SU(5) model},
  author = {Murayama, Hitoshi and Pierce, Aaron},
  journal = {Phys. Rev. D},
  volume = {65},
  issue = {5},
  pages = {055009},
  numpages = {8},
  year = {2002},
  month = {Feb},
  publisher = {American Physical Society},
  doi = {10.1103/PhysRevD.65.055009},
  url = {http://link.aps.org/doi/10.1103/PhysRevD.65.055009}
}

%predicted lifetime minimal SUGRA SU(5) vbar K+ 10^32- 10^34 years
@article{PDSUGRAGUT,
  title = {Effect of an $\mathrm{RRRR}$ dimension 5 operator on proton decay in the minimal SU(5) SUGRA GUT model},
  author = {Goto, Toru and Nihei, Takeshi},
  journal = {Phys. Rev. D},
  volume = {59},
  issue = {11},
  pages = {115009},
  numpages = {14},
  year = {1999},
  month = {May},
  publisher = {American Physical Society},
  doi = {10.1103/PhysRevD.59.115009},
  url = {http://link.aps.org/doi/10.1103/PhysRevD.59.115009}
}

%predicted lifetime SUSYSO10 vbar K+ 10^32-10^34 yrs, also susy so(10) model to check out TODO
@article{PDSUSYSO10_1,
  title = {Nucleon decay in a realistic SO(10) SUSY GUT},
  author = {Lucas, Vincent and Raby, Stuart},
  journal = {Phys. Rev. D},
  volume = {55},
  issue = {11},
  pages = {6986--7009},
  numpages = {0},
  year = {1997},
  month = {Jun},
  publisher = {American Physical Society},
  doi = {10.1103/PhysRevD.55.6986},
  url = {http://link.aps.org/doi/10.1103/PhysRevD.55.6986}
}

%Right handed neutrinos; can explain neutrino oscillations, dark matter, baryon assymetry
@article{RHNeutrino,
      author         = "Drewes, Marco",
      title          = "{The Phenomenology of Right Handed Neutrinos}",
      journal        = "Int. J. Mod. Phys.",
      volume         = "E22",
      year           = "2013",
      pages          = "1330019",
      doi            = "10.1142/S0218301313300191",
      eprint         = "1303.6912",
      archivePrefix  = "arXiv",
      primaryClass   = "hep-ph",
      reportNumber   = "TUM-HEP-881-13",
      SLACcitation   = "%%CITATION = ARXIV:1303.6912;%%"
}
%We have searched for proton decay via p→e+π0 and p→μ+π0 using Super-Kamiokande data from April 1996 to March 2015, 0.306 megaton · years exposure in total.  The atmospheric neutrino background rate in Super-Kamiokande IV is reduced to almost half that of phase I-III by tagging neutrons associated with neutrino interactions. The reach of the proton lifetime is further enhanced by introducing new signal criteria that select the decay of a proton in a hydrogen atom. No candidates were seen in the p→e+π0 search. Two candidates that passed all of the selection criteria for p→μ+π0 have been observed, but these are consistent with the expected number of background events of 0.87. Lower limits on the proton lifetime are set at τ/B (p→e+π0)>1.6×1034 years and τ/B(p→μ+π0)>7.7×1033years at 90% confidence level.
@article{SuperK2016,
      author         = "Miura, M.",
      title          = "{Search for Proton Decay via $p \to e^+\pi^0$ and $p \to
                        \mu^+\pi^0$ in 0.31 megaton$\cdot$years exposure of the
                        Super-Kamiokande Water Cherenkov Detector}",
      collaboration  = "Super-Kamiokande",
      year           = "2016",
      eprint         = "1610.03597",
      archivePrefix  = "arXiv",
      primaryClass   = "hep-ex",
      SLACcitation   = "%%CITATION = ARXIV:1610.03597;%%"
}

@article{SUSYPrimer,
      author         = "Martin, Stephen P.",
      title          = "{A Supersymmetry primer}",
      year           = "1997",
      doi            = "10.1142/9789812839657_0001, 10.1142/9789814307505_0001",
      note           = "[Adv. Ser. Direct. High Energy Phys.18,1(1998)]",
      eprint         = "hep-ph/9709356",
      archivePrefix  = "arXiv",
      primaryClass   = "hep-ph",
      reportNumber   = "FERMILAB-PUB-97-425-T",
      SLACcitation   = "%%CITATION = HEP-PH/9709356;%%"
}
%Naturalness problem and criteria
@article{Naturalness,
      author         = "Giudice, Gian Francesco",
      title          = "{Naturally Speaking: The Naturalness Criterion and
                        Physics at the LHC}",
      year           = "2008",
      eprint         = "0801.2562",
      archivePrefix  = "arXiv",
      primaryClass   = "hep-ph",
      SLACcitation   = "%%CITATION = ARXIV:0801.2562;%%"
}

%Anthropic principle, infinitely many universes, selection bias
@article{AnthropicPrinciple,
      author         = "Collins, C. B. and Hawking, S. W.",
      title          = "{Why is the Universe isotropic?}",
      journal        = "Astrophys. J.",
      volume         = "180",
      year           = "1973",
      pages          = "317-334",
      doi            = "10.1086/151965",
      SLACcitation   = "%%CITATION = ASJOA,180,317;%%"
}

@article{SeesawMechanism,
title = "$\mu\rightarrow e\gamma$ at a rate of one out of 109 muon decays?",
journal = "Physics Letters B",
volume = "67",
number = "4",
pages = "421 - 428",
year = "1977",
note = "",
issn = "0370-2693",
doi = "http://dx.doi.org/10.1016/0370-2693(77)90435-X",
url = "http://www.sciencedirect.com/science/article/pii/037026937790435X",
author = "Peter Minkowski",

}

%Pati Salam model fitting in well with neutrino oscillations
@article{PSVOsc,
title = "Neutron oscillations in the Pati-Salam model",
journal = "Physics Letters B",
volume = "102",
number = "4",
pages = "267 - 269",
year = "1981",
note = "",
issn = "0370-2693",
doi = "http://dx.doi.org/10.1016/0370-2693(81)90872-8",
url = "http://www.sciencedirect.com/science/article/pii/0370269381908728",
author = "B.B. Deo",
}

%Neutrino oscillation period with Pati-Salam group, t~10^5 s 
@article{PSVOscOrig,
  title = {Local $B-L$ Symmetry of Electroweak Interactions, Majorana Neutrinos, and Neutron Oscillations},
  author = {Mohapatra, R. N. and Marshak, R. E.},
  journal = {Phys. Rev. Lett.},
  volume = {44},
  issue = {20},
  pages = {1316--1319},
  numpages = {0},
  year = {1980},
  month = {May},
  publisher = {American Physical Society},
  doi = {10.1103/PhysRevLett.44.1316},
  url = {http://link.aps.org/doi/10.1103/PhysRevLett.44.1316}
}

%Original neutrino oscillations paper
@article{NeutrinoOscillations,
      author         = "Fukuda, Y. and others",
      title          = "{Evidence for oscillation of atmospheric neutrinos}",
      collaboration  = "Super-Kamiokande",
      journal        = "Phys. Rev. Lett.",
      volume         = "81",
      year           = "1998",
      pages          = "1562-1567",
      doi            = "10.1103/PhysRevLett.81.1562",
      eprint         = "hep-ex/9807003",
      archivePrefix  = "arXiv",
      primaryClass   = "hep-ex",
      reportNumber   = "BU-98-17, ICRR-REPORT-422-98-18, UCI-98-8,
                        KEK-PREPRINT-98-95, LSU-HEPA-5-98, UMD-98-003, SBHEP-98-5,
                        TKU-PAP-98-06, TIT-HPE-98-09",
      SLACcitation   = "%%CITATION = HEP-EX/9807003;%%"
}

%We show that grand unified theories based on SO(10) generate naturally the next–to–leading baryon number violating operators of dimension seven. These operators,which violate (B−L), lead to unconventional decays of the nucleon such as n→e−K+, e−π+ and p→νπ+. In two–step breaking schemes of non-supersymmetric SO(10), nucleon lifetime for decays into these modes is found to be within reach of experiments. We also identify supersymmetric scenarios where these decays may be accessible, consistent with gauge coupling unification. Further, we show that the (B−L)–asymmetry generated in the decays of GUT scale scalar bosons and/or gauge bosons can explain consistently the observed baryon asymmetry of the universe.The induced (B−L) asymmetry is sphaleron–proof, and survives down to the weak scale without being erased by the electroweak interactions. This mechanism works efficiently in a large class of non–SUSY and SUSY SO(10) models, with either a 126 H or a 16H Higgs field employed for rank reduction. In minimal models the induced baryon asymmetry is tightly connected to the masses of quarks, leptons and neutrinos and is found to be compatible with observations.

@article{SO10BaryonAsym,
      author         = "Babu, K. S. and Mohapatra, R. N.",
      title          = "{B-L Violating Nucleon Decay and GUT Scale Baryogenesis
                        in SO(10)}",
      journal        = "Phys. Rev.",
      volume         = "D86",
      year           = "2012",
      pages          = "035018",
      doi            = "10.1103/PhysRevD.86.035018",
      eprint         = "1203.5544",
      archivePrefix  = "arXiv",
      primaryClass   = "hep-ph",
      reportNumber   = "OSU-HEP-12-04, UMD-PP-012-004",
      SLACcitation   = "%%CITATION = ARXIV:1203.5544;%%"
}
%Weak mixing angle
@article{WeakMixingAngle,
      author         = "Chatrchyan, Serguei and others",
      title          = "{Measurement of the weak mixing angle with the Drell-Yan
                        process in proton-proton collisions at the LHC}",
      collaboration  = "CMS",
      journal        = "Phys. Rev.",
      volume         = "D84",
      year           = "2011",
      pages          = "112002",
      doi            = "10.1103/PhysRevD.84.112002",
      eprint         = "1110.2682",
      archivePrefix  = "arXiv",
      primaryClass   = "hep-ex",
      reportNumber   = "CMS-EWK-11-003, CERN-PH-EP-2011-159",
      SLACcitation   = "%%CITATION = ARXIV:1110.2682;%%"
}

@article{BetaFunction,
      author         = "Dermisek, Radovan",
      title          = "{Unification of gauge couplings in the standard model
                        with extra vectorlike families}",
      journal        = "Phys. Rev.",
      volume         = "D87",
      year           = "2013",
      number         = "5",
      pages          = "055008",
      doi            = "10.1103/PhysRevD.87.055008",
      eprint         = "1212.3035",
      archivePrefix  = "arXiv",
      primaryClass   = "hep-ph",
      SLACcitation   = "%%CITATION = ARXIV:1212.3035;%%"
}